%% This BibTeX bibliography file was created using BibDesk.
%% https://bibdesk.sourceforge.io/

%% Created for Jennifer Lin at 2018-12-11 16:05:22 -0500 


%% Saved with string encoding Unicode (UTF-8) 



@book{linz1996problems,
	Author = {Linz, Juan J and Stepan, Alfred},
	Publisher = {JHU Press},
	Title = {Problems of democratic transition and consolidation: Southern Europe, South America, and post-communist Europe},
	Year = {1996}}

@article{brinks2006diffusion,
	Author = {Brinks, Daniel and Coppedge, Michael},
	Journal = {Comparative Political Studies},
	Number = {4},
	Pages = {463--489},
	Publisher = {Sage Publications Sage CA: Thousand Oaks, CA},
	Title = {Diffusion is no illusion: Neighbor emulation in the third wave of democracy},
	Volume = {39},
	Year = {2006}}

@article{diamond2004overview,
	Author = {Diamond, Larry Jay and Morlino, Leonardo},
	Journal = {Journal of democracy},
	Number = {4},
	Pages = {20--31},
	Publisher = {Johns Hopkins University Press},
	Title = {An overview},
	Volume = {15},
	Year = {2004}}

@url{NYT-trump,
	Author = {New York Times},
	Date-Added = {2018-11-23 11:22:29 -0500},
	Date-Modified = {2018-11-23 11:29:23 -0500},
	Month = {August},
	Title = {Presidential Election Results: Donald J. Trump Wins},
	Url = {https://www.nytimes.com/elections/2016/results/president},
	Year = {2017},
	Bdsk-Url-1 = {https://www.nytimes.com/elections/2016/results/president}}

@book{abramowitz-2010,
	Address = {New Haven, NY},
	Author = {Alan I. Abramowitz},
	Date-Added = {2018-11-22 18:02:15 -0500},
	Date-Modified = {2018-11-22 18:03:52 -0500},
	Publisher = {Yale University Press},
	Title = {This Disappearing Center: Engaged Citizens, Polarization and American Democracy},
	Year = {2010}}

@article{benton_ruralurban_2007,
	Author = {Benton, Ted},
	Doi = {10.1080/10455750701526211},
	File = {Full Text PDF:/Users/JenniferLin/Zotero/storage/JBNJR659/Benton - 2007 - The Rural--Urban Division in U.K. Politics.pdf:application/pdf;Snapshot:/Users/JenniferLin/Zotero/storage/CF97MDA7/10455750701526211.html:text/html},
	Issn = {1045-5752},
	Journal = {Capitalism Nature Socialism},
	Month = sep,
	Number = {3},
	Pages = {20--43},
	Title = {The {Rural}--{Urban} {Division} in {U}.{K}. {Politics}},
	Url = {https://doi.org/10.1080/10455750701526211},
	Urldate = {2018-10-18},
	Volume = {18},
	Year = {2007},
	Bdsk-Url-1 = {https://doi.org/10.1080/10455750701526211}}

@article{knoke_political_1977,
	Author = {Knoke, David and Henry, Constance},
	Date-Modified = {2018-11-04 20:10:44 +0000},
	Issn = {0002-7162},
	Journal = {The Annals of the American Academy of Political and Social Science},
	Pages = {51--62},
	Title = {Political {Structure} of {Rural} {America}},
	Url = {https://www.jstor.org/stable/1041574},
	Urldate = {2018-10-18},
	Volume = {429},
	Year = {1977},
	Bdsk-Url-1 = {https://www.jstor.org/stable/1041574}}

@article{glenn_rural-urban_1967,
	Author = {Norval D. Glenn, and Jon P. Alston},
	Date-Modified = {2018-12-05 20:02:52 -0500},
	File = {JSTOR Full Text PDF:/Users/JenniferLin/Zotero/storage/TAGFWLPT/GLENN and ALSTON - 1967 - Rural-Urban Differences in Reported Attitudes and .pdf:application/pdf},
	Issn = {0276-1742},
	Journal = {The Southwestern Social Science Quarterly},
	Number = {4},
	Pages = {381--400},
	Title = {Rural-{Urban} {Differences} in {Reported} {Attitudes} and {Behavior}},
	Url = {https://www.jstor.org/stable/42867421},
	Urldate = {2018-10-18},
	Volume = {47},
	Year = {1967},
	Bdsk-Url-1 = {https://www.jstor.org/stable/42867421}}

@article{walks_city-suburban_2005,
	Author = {Walks, R. Alan},
	Date-Modified = {2018-11-04 20:14:39 +0000},
	File = {JSTOR Full Text PDF:/Users/JenniferLin/Zotero/storage/KE6QMVP3/Walks - 2005 - The City-Suburban Cleavage in Canadian Federal Pol.pdf:application/pdf},
	Issn = {0008-4239},
	Journal = {Canadian Journal of Political Science / Revue canadienne de science politique},
	Number = {2},
	Pages = {383--413},
	Title = {The {City}-{Suburban} {Cleavage} in {Canadian} {Federal} {Politics}},
	Url = {https://www.jstor.org/stable/25165810},
	Urldate = {2018-10-18},
	Volume = {38},
	Year = {2005},
	Bdsk-Url-1 = {https://www.jstor.org/stable/25165810}}

@article{walks_place_2004,
	Author = {Walks, R. Alan},
	Date-Modified = {2018-11-04 20:10:30 +0000},
	Doi = {10.1111/j.0735-2166.2004.00200.x},
	File = {Full Text PDF:/Users/JenniferLin/Zotero/storage/66LUW9IE/Walks - 2004 - Place of Residence, Party Preferences, and Politic.pdf:application/pdf;Snapshot:/Users/JenniferLin/Zotero/storage/BEHPQFV7/j.0735-2166.2004.00200.html:text/html},
	Issn = {0735-2166},
	Journal = {Journal of Urban Affairs},
	Month = aug,
	Number = {3},
	Pages = {269--295},
	Title = {Place of {Residence}, {Party} {Preferences}, and {Political} {Attitudes} in {Canadian} {Cities} and {Suburbs}},
	Url = {https://doi.org/10.1111/j.0735-2166.2004.00200.x},
	Urldate = {2018-10-18},
	Volume = {26},
	Year = {2004},
	Bdsk-Url-1 = {https://doi.org/10.1111/j.0735-2166.2004.00200.x}}

@article{orbell_impact_1970,
	Author = {John M. Orbell},
	Date-Modified = {2018-12-11 15:43:30 -0500},
	File = {JSTOR Full Text PDF:/Users/JenniferLin/Zotero/storage/9HITJJEL/ORBELL - 1970 - THE IMPACT OF METROPOLITAN RESIDENCE ON SOCIAL AND.pdf:application/pdf},
	Issn = {0038-4941},
	Journal = {Social Science Quarterly},
	Number = {3},
	Pages = {634--648},
	Title = {The Impact of Metropolitan Residence on Social and Political Orientations},
	Url = {https://www.jstor.org/stable/42858650},
	Urldate = {2018-10-18},
	Volume = {51},
	Year = {1970},
	Bdsk-Url-1 = {https://www.jstor.org/stable/42858650}}

@article{williamson_sprawl_2008,
	Author = {Williamson, Thad},
	Date-Modified = {2018-11-04 20:14:11 +0000},
	Doi = {10.1177/1532673X08318589},
	File = {SAGE PDF Full Text:/Users/JenniferLin/Zotero/storage/XAZ5K285/Williamson - 2008 - Sprawl, Spatial Location, and Politics How Ideolo.pdf:application/pdf},
	Issn = {1532-673X},
	Journal = {American Politics Research},
	Language = {en},
	Month = nov,
	Number = {6},
	Pages = {903--933},
	Shorttitle = {Sprawl, {Spatial} {Location}, and {Politics}},
	Title = {Sprawl, {Spatial} {Location}, and {Politics}: {How} {Ideological} {Identification} {Tracks} the {Built} {Environment}},
	Url = {https://doi.org/10.1177/1532673X08318589},
	Urldate = {2018-10-18},
	Volume = {36},
	Year = {2008},
	Bdsk-Url-1 = {https://doi.org/10.1177/1532673X08318589}}

@article{walks_causes_2006,
	Author = {Walks, R. Alan},
	Date-Modified = {2018-11-04 20:14:28 +0000},
	Doi = {10.1111/j.1467-8306.2006.00483.x},
	File = {Full Text PDF:/Users/JenniferLin/Zotero/storage/TSWWRWRX/Walks - 2006 - The Causes of City-Suburban Political Polarization.pdf:application/pdf;Snapshot:/Users/JenniferLin/Zotero/storage/IFF97PLZ/j.1467-8306.2006.00483.html:text/html},
	Issn = {0004-5608},
	Journal = {Annals of the Association of American Geographers},
	Keywords = {contextual neighborhood effects, electoral geography, political parties, Toronto, voting behavior},
	Month = jun,
	Number = {2},
	Pages = {390--414},
	Shorttitle = {The {Causes} of {City}-{Suburban} {Political} {Polarization}?},
	Title = {The {Causes} of {City}-{Suburban} {Political} {Polarization}? {A} {Canadian} {Case} {Study}},
	Url = {https://doi.org/10.1111/j.1467-8306.2006.00483.x},
	Urldate = {2018-10-18},
	Volume = {96},
	Year = {2006},
	Bdsk-Url-1 = {https://doi.org/10.1111/j.1467-8306.2006.00483.x}}

@article{mckee_suburban_2003,
	Author = {Mckee, Seth C. and Shaw, Daron R.},
	Date-Modified = {2018-11-04 20:14:23 +0000},
	Doi = {10.1111/j.1741-5705.2003.tb00019.x},
	File = {Full Text PDF:/Users/JenniferLin/Zotero/storage/FU42Y824/Mckee and Shaw - 2003 - Suburban Voting in Presidential Elections.pdf:application/pdf;Snapshot:/Users/JenniferLin/Zotero/storage/8DH8W5LC/j.1741-5705.2003.tb00019.html:text/html},
	Issn = {1741-5705},
	Journal = {Presidential Studies Quarterly},
	Keywords = {elections, parties, region, suburban, voting},
	Language = {en},
	Month = mar,
	Number = {1},
	Pages = {125--144},
	Title = {Suburban {Voting} in {Presidential} {Elections}},
	Url = {https://onlinelibrary.wiley.com/doi/abs/10.1111/j.1741-5705.2003.tb00019.x},
	Urldate = {2018-10-18},
	Volume = {33},
	Year = {2003},
	Bdsk-Url-1 = {https://onlinelibrary.wiley.com/doi/abs/10.1111/j.1741-5705.2003.tb00019.x},
	Bdsk-Url-2 = {https://doi.org/10.1111/j.1741-5705.2003.tb00019.x}}

@incollection{korosenyi_electoral_1999,
	Author = {K{\"o}r{\"o}s{\'e}nyi, Andr{\'a}s},
	Booktitle = {Government and {Politics} in {Hungary}},
	File = {JSTOR Full Text PDF:/Users/JenniferLin/Zotero/storage/QYMWQ5CR/K{\"o}r{\"o}s{\'e}nyi - 1999 - Electoral Behaviour.pdf:application/pdf},
	Isbn = {978-963-9116-76-4},
	Pages = {103--116},
	Publisher = {Central European University Press},
	Title = {Electoral {Behaviour}},
	Url = {https://www.jstor.org/stable/10.7829/j.ctt2jbmbq.13},
	Urldate = {2018-10-18},
	Year = {1999},
	Bdsk-Url-1 = {https://www.jstor.org/stable/10.7829/j.ctt2jbmbq.13}}

@article{barkan_space_2006,
	Author = {Barkan, Joel D. and Densham, Paul J. and Rushton, Gerard},
	Date-Modified = {2018-11-04 20:14:03 +0000},
	File = {JSTOR Full Text PDF:/Users/JenniferLin/Zotero/storage/KW4NTCRY/Barkan et al. - 2006 - Space Matters Designing Better Electoral Systems .pdf:application/pdf},
	Issn = {0092-5853},
	Journal = {American Journal of Political Science},
	Number = {4},
	Pages = {926--939},
	Shorttitle = {Space {Matters}},
	Title = {Space {Matters}: {Designing} {Better} {Electoral} {Systems} for {Emerging} {Democracies}},
	Url = {https://www.jstor.org/stable/4122924},
	Urldate = {2018-10-18},
	Volume = {50},
	Year = {2006},
	Bdsk-Url-1 = {https://www.jstor.org/stable/4122924}}

@article{reilly_electoral_2007,
	Author = {Reilly, Benjamin},
	Date-Modified = {2018-11-04 20:09:49 +0000},
	File = {JSTOR Full Text PDF:/Users/JenniferLin/Zotero/storage/KXITB37A/Reilly - 2007 - Electoral Systems and Party Systems in East Asia.pdf:application/pdf},
	Issn = {1598-2408},
	Journal = {Journal of East Asian Studies},
	Number = {2},
	Pages = {185--202},
	Title = {Electoral {Systems} and {Party} {Systems} in {East} {Asia}},
	Url = {https://www.jstor.org/stable/23418665},
	Urldate = {2018-10-18},
	Volume = {7},
	Year = {2007},
	Bdsk-Url-1 = {https://www.jstor.org/stable/23418665}}

@article{ishiyama_transitional_1997,
	Author = {Ishiyama, John T.},
	Doi = {10.2307/2658164},
	Issn = {0032-3195},
	Journal = {Political Science Quarterly},
	Number = {1},
	Pages = {95--115},
	Title = {Transitional {Electoral} {Systems} in {Post}-{Communist} {Eastern} {Europe}},
	Url = {https://www.jstor.org/stable/2658164},
	Urldate = {2018-10-18},
	Volume = {112},
	Year = {1997},
	Bdsk-Url-1 = {https://www.jstor.org/stable/2658164},
	Bdsk-Url-2 = {https://doi.org/10.2307/2658164}}

@article{tavits_development_2005,
	Author = {Tavits, Margit},
	Date-Modified = {2018-11-04 20:14:49 +0000},
	Doi = {10.2307/3647677},
	File = {JSTOR Full Text PDF:/Users/JenniferLin/Zotero/storage/2BQ78CRM/Tavits - 2005 - The Development of Stable Party Support Electoral.pdf:application/pdf},
	Issn = {0092-5853},
	Journal = {American Journal of Political Science},
	Number = {2},
	Pages = {283--298},
	Shorttitle = {The {Development} of {Stable} {Party} {Support}},
	Title = {The {Development} of {Stable} {Party} {Support}: {Electoral} {Dynamics} in {Post}-{Communist} {Europe}},
	Url = {https://www.jstor.org/stable/3647677},
	Urldate = {2018-10-18},
	Volume = {49},
	Year = {2005},
	Bdsk-Url-1 = {https://www.jstor.org/stable/3647677},
	Bdsk-Url-2 = {https://doi.org/10.2307/3647677}}

@article{wegren_democratization_2002,
	Author = {Wegren, Stephen K.},
	Date-Modified = {2018-11-04 20:09:37 +0000},
	Doi = {10.2307/4146948},
	File = {JSTOR Full Text PDF:/Users/JenniferLin/Zotero/storage/UAL8GFD8/Wegren - 2002 - Democratization and Urban Bias in Postcommunist Ru.pdf:application/pdf},
	Issn = {0010-4159},
	Journal = {Comparative Politics},
	Number = {4},
	Pages = {457--476},
	Title = {Democratization and {Urban} {Bias} in {Postcommunist} {Russia}},
	Url = {https://www.jstor.org/stable/4146948},
	Urldate = {2018-10-18},
	Volume = {34},
	Year = {2002},
	Bdsk-Url-1 = {https://www.jstor.org/stable/4146948},
	Bdsk-Url-2 = {https://doi.org/10.2307/4146948}}

@article{rensmann_volatile_2012,
	Author = {Rensmann, Lars},
	Date-Modified = {2018-11-04 20:15:51 +0000},
	File = {JSTOR Full Text PDF:/Users/JenniferLin/Zotero/storage/3X7GYYV7/Rensmann - 2012 - Volatile Counter-Cosmopolitans Explaining the Ele.pdf:application/pdf},
	Issn = {1045-0300},
	Journal = {German Politics \& Society},
	Number = {3 (104)},
	Pages = {64--102},
	Shorttitle = {Volatile {Counter}-{Cosmopolitans}},
	Title = {Volatile {Counter}-{Cosmopolitans}: {Explaining} the {Electoral} {Performance} of {Radical} {Right} {Parties} in {Poland} and {Eastern} {Germany}},
	Url = {https://www.jstor.org/stable/23744581},
	Urldate = {2018-10-18},
	Volume = {30},
	Year = {2012},
	Bdsk-Url-1 = {https://www.jstor.org/stable/23744581}}

@article{friedman_urban-rural_1961,
	Author = {Friedman, Robert S.},
	Doi = {10.2307/443602},
	File = {JSTOR Full Text PDF:/Users/JenniferLin/Zotero/storage/M38XT7MJ/Friedman - 1961 - The Urban-Rural Conflict Revisited.pdf:application/pdf},
	Issn = {0043-4078},
	Journal = {The Western Political Quarterly},
	Number = {2},
	Pages = {481--495},
	Title = {The {Urban}-{Rural} {Conflict} {Revisited}},
	Url = {https://www.jstor.org/stable/443602},
	Urldate = {2018-10-18},
	Volume = {14},
	Year = {1961},
	Bdsk-Url-1 = {https://www.jstor.org/stable/443602},
	Bdsk-Url-2 = {https://doi.org/10.2307/443602}}

@article{van_gent_right-wing_2014,
	Author = {van Gent, Wouter P.C. and Jansen, Elmar F. and Smits, Joost H.F.},
	Date-Modified = {2018-11-04 20:11:08 +0000},
	Issn = {0042-0980},
	Journal = {Urban Studies},
	Number = {9},
	Pages = {1775--1794},
	Shorttitle = {Right-wing {Radical} {Populism} in {City} and {Suburbs}},
	Title = {Right-wing {Radical} {Populism} in {City} and {Suburbs}: {An} {Electoral} {Geography} of the {Partij} {Voor} de {Vrijheid} in the {Netherlands}},
	Url = {https://www.jstor.org/stable/26145830},
	Urldate = {2018-10-18},
	Volume = {51},
	Year = {2014},
	Bdsk-Url-1 = {https://www.jstor.org/stable/26145830}}

@article{reisinger_political_1995,
	Author = {Reisinger, William M. and Miller, Arthur H. and Hesli, Vicki L.},
	Issn = {0966-8136},
	Journal = {Europe-Asia Studies},
	Number = {6},
	Pages = {1025--1042},
	Shorttitle = {Political {Norms} in {Rural} {Russia}},
	Title = {Political {Norms} in {Rural} {Russia}: {Evidence} from {Public} {Attitudes}},
	Url = {https://www.jstor.org/stable/152842},
	Urldate = {2018-10-18},
	Volume = {47},
	Year = {1995},
	Bdsk-Url-1 = {https://www.jstor.org/stable/152842}}

@article{monroe_electoral_2002,
	Author = {Monroe, Burt L. and Rose, Amanda G.},
	Date-Modified = {2018-11-04 20:09:55 +0000},
	Doi = {10.2307/3088415},
	Issn = {0092-5853},
	Journal = {American Journal of Political Science},
	Number = {1},
	Pages = {67--89},
	Shorttitle = {Electoral {Systems} and {Unimagined} {Consequences}},
	Title = {Electoral {Systems} and {Unimagined} {Consequences}: {Partisan} {Effects} of {Districted} {Proportional} {Representation}},
	Url = {https://www.jstor.org/stable/3088415},
	Urldate = {2018-10-18},
	Volume = {46},
	Year = {2002},
	Bdsk-Url-1 = {https://www.jstor.org/stable/3088415},
	Bdsk-Url-2 = {https://doi.org/10.2307/3088415}}

@article{tavits_development_2005-1,
	Author = {Tavits, Margit},
	Date-Modified = {2018-11-04 20:14:59 +0000},
	Doi = {10.2307/3647677},
	Issn = {0092-5853},
	Journal = {American Journal of Political Science},
	Number = {2},
	Pages = {283--298},
	Shorttitle = {The {Development} of {Stable} {Party} {Support}},
	Title = {The {Development} of {Stable} {Party} {Support}: {Electoral} {Dynamics} in {Post}-{Communist} {Europe}},
	Url = {https://www.jstor.org/stable/3647677},
	Urldate = {2018-10-18},
	Volume = {49},
	Year = {2005},
	Bdsk-Url-1 = {https://www.jstor.org/stable/3647677},
	Bdsk-Url-2 = {https://doi.org/10.2307/3647677}}

@article{logerfo_attitudes_1996,
	Author = {LoGerfo, Jim},
	Doi = {10.2307/2645538},
	Issn = {0004-4687},
	Journal = {Asian Survey},
	Number = {9},
	Pages = {904--923},
	Shorttitle = {Attitudes toward {Democracy} among {Bangkok} and {Rural} {Northern} {Thais}},
	Title = {Attitudes toward {Democracy} among {Bangkok} and {Rural} {Northern} {Thais}: {The} {Great} {Divide}},
	Url = {https://www.jstor.org/stable/2645538},
	Urldate = {2018-10-18},
	Volume = {36},
	Year = {1996},
	Bdsk-Url-1 = {https://www.jstor.org/stable/2645538},
	Bdsk-Url-2 = {https://doi.org/10.2307/2645538}}

@article{holloway_burning_2007,
	Author = {Holloway, Sarah L.},
	Date-Modified = {2018-11-04 20:09:26 +0000},
	Doi = {10.1016/j.geoforum.2006.01.004},
	File = {ScienceDirect Full Text PDF:/Users/JenniferLin/Zotero/storage/ZE7MXTF3/Holloway - 2007 - Burning issues Whiteness, rurality and the politi.pdf:application/pdf;ScienceDirect Snapshot:/Users/JenniferLin/Zotero/storage/YVZ4JESH/S0016718506000261.html:text/html},
	Issn = {0016-7185},
	Journal = {Geoforum},
	Keywords = {Geography, Gypsy, Race and racism, Rural England, Rural idyll, Whiteness},
	Month = jan,
	Number = {1},
	Pages = {7--20},
	Shorttitle = {Burning issues},
	Title = {Burning issues: {Whiteness}, rurality and the politics of difference},
	Url = {http://www.sciencedirect.com/science/article/pii/S0016718506000261},
	Urldate = {2018-10-18},
	Volume = {38},
	Year = {2007},
	Bdsk-Url-1 = {http://www.sciencedirect.com/science/article/pii/S0016718506000261},
	Bdsk-Url-2 = {https://doi.org/10.1016/j.geoforum.2006.01.004}}

@article{vepsalainen_second_2010,
	Author = {Veps{\"a}l{\"a}inen, Mia and Pitk{\"a}nen, Kati},
	Date-Modified = {2018-11-04 20:13:44 +0000},
	Doi = {10.1016/j.jrurstud.2009.07.002},
	File = {ScienceDirect Full Text PDF:/Users/JenniferLin/Zotero/storage/F6PYFMVC/Veps{\"a}l{\"a}inen and Pitk{\"a}nen - 2010 - Second home countryside. Representations of the ru.pdf:application/pdf;ScienceDirect Snapshot:/Users/JenniferLin/Zotero/storage/3WTLB6DB/S0743016709000473.html:text/html},
	Issn = {0743-0167},
	Journal = {Journal of Rural Studies},
	Keywords = {Activityscape, Adventurescape, Farmscape, Finland, Rural idyll, Rural representations, Second homes, Wildscape},
	Month = apr,
	Number = {2},
	Pages = {194--204},
	Title = {Second home countryside. {Representations} of the rural in {Finnish} popular discourses},
	Url = {http://www.sciencedirect.com/science/article/pii/S0743016709000473},
	Urldate = {2018-10-18},
	Volume = {26},
	Year = {2010},
	Bdsk-Url-1 = {http://www.sciencedirect.com/science/article/pii/S0743016709000473},
	Bdsk-Url-2 = {https://doi.org/10.1016/j.jrurstud.2009.07.002}}

@article{jurkynas_emerging_2004,
	Author = {Jurkynas, Mindaugas},
	Date-Modified = {2018-11-04 20:10:02 +0000},
	Issn = {0162-9778},
	Journal = {Journal of Baltic Studies},
	Number = {3},
	Pages = {278--296},
	Shorttitle = {Emerging {Cleavages} in {New} {Democracies}},
	Title = {Emerging {Cleavages} in {New} {Democracies}: {The} {Case} of {Lithuania}},
	Url = {https://www.jstor.org/stable/43212594},
	Urldate = {2018-10-18},
	Volume = {35},
	Year = {2004},
	Bdsk-Url-1 = {https://www.jstor.org/stable/43212594}}

@article{walsh_putting_2012,
	Author = {Walsh, Katherine Cramer},
	Date-Modified = {2018-11-04 20:10:57 +0000},
	Issn = {0003-0554},
	Journal = {The American Political Science Review},
	Number = {3},
	Pages = {517--532},
	Shorttitle = {Putting {Inequality} in {Its} {Place}},
	Title = {Putting {Inequality} in {Its} {Place}: {Rural} {Consciousness} and the {Power} of {Perspective}},
	Url = {https://www.jstor.org/stable/23275431},
	Urldate = {2018-10-18},
	Volume = {106},
	Year = {2012},
	Bdsk-Url-1 = {https://www.jstor.org/stable/23275431}}

@article{conover_role_1988,
	Author = {Conover, Pamela Johnston},
	Date-Modified = {2018-11-04 20:15:21 +0000},
	Doi = {10.1017/S0007123400004956},
	File = {Snapshot:/Users/JenniferLin/Zotero/storage/DKVZ9TDH/500761920F8335150E5C0EA07AF32695.html:text/html},
	Issn = {1469-2112, 0007-1234},
	Journal = {British Journal of Political Science},
	Language = {en},
	Month = jan,
	Number = {1},
	Pages = {51--76},
	Title = {The {Role} of {Social} {Groups} in {Political} {Thinking}},
	Url = {https://www.cambridge.org/core/journals/british-journal-of-political-science/article/role-of-social-groups-in-political-thinking/500761920F8335150E5C0EA07AF32695},
	Urldate = {2018-10-18},
	Volume = {18},
	Year = {1988},
	Bdsk-Url-1 = {https://www.cambridge.org/core/journals/british-journal-of-political-science/article/role-of-social-groups-in-political-thinking/500761920F8335150E5C0EA07AF32695},
	Bdsk-Url-2 = {https://doi.org/10.1017/S0007123400004956}}

@article{gimpel_rural_2006,
	Author = {Gimpel, James G. and Karnes, Kimberly A.},
	File = {JSTOR Full Text PDF:/Users/JenniferLin/Zotero/storage/KSQ93RUU/Gimpel and Karnes - 2006 - The Rural Side of the Urban-Rural Gap.pdf:application/pdf},
	Issn = {1049-0965},
	Journal = {PS: Political Science and Politics},
	Number = {3},
	Pages = {467--472},
	Title = {The {Rural} {Side} of the {Urban}-{Rural} {Gap}},
	Url = {https://www.jstor.org/stable/20451785},
	Urldate = {2018-10-18},
	Volume = {39},
	Year = {2006},
	Bdsk-Url-1 = {https://www.jstor.org/stable/20451785}}

@article{moore_subaltern_1998,
	Author = {Moore, Donald S.},
	File = {JSTOR Full Text PDF:/Users/JenniferLin/Zotero/storage/DRZLSJFS/Moore - 1998 - Subaltern Struggles and the Politics of Place Rem.pdf:application/pdf},
	Issn = {0886-7356},
	Journal = {Cultural Anthropology},
	Number = {3},
	Pages = {344--381},
	Shorttitle = {Subaltern {Struggles} and the {Politics} of {Place}},
	Title = {Subaltern {Struggles} and the {Politics} of {Place}: {Remapping} {Resistance} in {Zimbabwe}'s {Eastern} {Highlands}},
	Url = {https://www.jstor.org/stable/656594},
	Urldate = {2018-10-18},
	Volume = {13},
	Year = {1998},
	Bdsk-Url-1 = {https://www.jstor.org/stable/656594}}

@article{turner_self_1994,
	Author = {Turner, John C. and Oakes, Penelope J. and Haslam, S. Alexander and McGarty, Craig},
	Date-Modified = {2018-11-04 20:13:50 +0000},
	Doi = {10.1177/0146167294205002},
	File = {SAGE PDF Full Text:/Users/JenniferLin/Zotero/storage/NW4VTZ6Y/Turner et al. - 1994 - Self and Collective Cognition and Social Context.pdf:application/pdf},
	Issn = {0146-1672},
	Journal = {Personality and Social Psychology Bulletin},
	Language = {en},
	Month = oct,
	Number = {5},
	Pages = {454--463},
	Shorttitle = {Self and {Collective}},
	Title = {Self and {Collective}: {Cognition} and {Social} {Context}},
	Url = {https://doi.org/10.1177/0146167294205002},
	Urldate = {2018-10-18},
	Volume = {20},
	Year = {1994},
	Bdsk-Url-1 = {https://doi.org/10.1177/0146167294205002}}

@article{wlezien_social_1997,
	Author = {Wlezien, Christopher and Miller, Arthur H.},
	Date-Modified = {2018-11-04 20:13:57 +0000},
	Issn = {0038-4941},
	Journal = {Social Science Quarterly},
	Number = {3},
	Pages = {625--640},
	Title = {Social {Groups} and {Political} {Judgments}},
	Url = {https://www.jstor.org/stable/42863557},
	Urldate = {2018-10-18},
	Volume = {78},
	Year = {1997},
	Bdsk-Url-1 = {https://www.jstor.org/stable/42863557}}

@article{conover_influence_1984,
	Author = {Conover, Pamela Johnston},
	Date-Modified = {2018-11-04 20:15:16 +0000},
	Doi = {10.2307/2130855},
	Issn = {0022-3816},
	Journal = {The Journal of Politics},
	Number = {3},
	Pages = {760--785},
	Title = {The {Influence} of {Group} {Identifications} on {Political} {Perception} and {Evaluation}},
	Url = {https://www.jstor.org/stable/2130855},
	Urldate = {2018-10-18},
	Volume = {46},
	Year = {1984},
	Bdsk-Url-1 = {https://www.jstor.org/stable/2130855},
	Bdsk-Url-2 = {https://doi.org/10.2307/2130855}}

@article{bell_fruit_1992,
	Author = {Bell, Michael M.},
	Copyright = {1992 Rural Sociological Society},
	Date-Modified = {2018-11-04 20:15:06 +0000},
	Doi = {10.1111/j.1549-0831.1992.tb00457.x},
	File = {Full Text PDF:/Users/JenniferLin/Zotero/storage/FT6GV8SM/Bell - 1992 - The Fruit of Difference The Rural-Urban Continuum.pdf:application/pdf;Snapshot:/Users/JenniferLin/Zotero/storage/NSSH7N3I/j.1549-0831.1992.tb00457.html:text/html},
	Issn = {1549-0831},
	Journal = {Rural Sociology},
	Language = {en},
	Month = mar,
	Number = {1},
	Pages = {65--82},
	Shorttitle = {The {Fruit} of {Difference}},
	Title = {The {Fruit} of {Difference}: {The} {Rural}-{Urban} {Continuum} as a {System} of {Identity}1},
	Url = {https://onlinelibrary.wiley.com/doi/abs/10.1111/j.1549-0831.1992.tb00457.x},
	Urldate = {2018-10-18},
	Volume = {57},
	Year = {1992},
	Bdsk-Url-1 = {https://onlinelibrary.wiley.com/doi/abs/10.1111/j.1549-0831.1992.tb00457.x},
	Bdsk-Url-2 = {https://doi.org/10.1111/j.1549-0831.1992.tb00457.x}}

@article{tarrow_urban-rural_1971,
	Author = {Tarrow, Sidney},
	Doi = {10.2307/1954453},
	Issn = {0003-0554},
	Journal = {The American Political Science Review},
	Number = {2},
	Pages = {341--357},
	Shorttitle = {The {Urban}-{Rural} {Cleavage} in {Political} {Involvement}},
	Title = {The {Urban}-{Rural} {Cleavage} in {Political} {Involvement}: {The} {Case} of {France}},
	Url = {https://www.jstor.org/stable/1954453},
	Urldate = {2018-10-18},
	Volume = {65},
	Year = {1971},
	Bdsk-Url-1 = {https://www.jstor.org/stable/1954453},
	Bdsk-Url-2 = {https://doi.org/10.2307/1954453}}

@article{kriesi_globalization_2006,
	Author = {Kriesi, Hanspeter and Grande, Edgar and Lachat, Romain and Dolezal, Martin and Bornschier, Simon and Frey, Timotheos},
	Date-Modified = {2018-11-04 20:10:10 +0000},
	Doi = {10.1111/j.1475-6765.2006.00644.x},
	File = {Full Text PDF:/Users/JenniferLin/Zotero/storage/VJMSUJCF/Kriesi et al. - 2006 - Globalization and the transformation of the nation.pdf:application/pdf;Snapshot:/Users/JenniferLin/Zotero/storage/UVWS8G7U/j.1475-6765.2006.00644.html:text/html},
	Issn = {1475-6765},
	Journal = {European Journal of Political Research},
	Language = {en},
	Month = oct,
	Number = {6},
	Pages = {921--956},
	Shorttitle = {Globalization and the transformation of the national political space},
	Title = {Globalization and the transformation of the national political space: {Six} {European} countries compared},
	Url = {https://onlinelibrary.wiley.com/doi/abs/10.1111/j.1475-6765.2006.00644.x},
	Urldate = {2018-10-18},
	Volume = {45},
	Year = {2006},
	Bdsk-Url-1 = {https://onlinelibrary.wiley.com/doi/abs/10.1111/j.1475-6765.2006.00644.x},
	Bdsk-Url-2 = {https://doi.org/10.1111/j.1475-6765.2006.00644.x}}

@article{clout_new_2003,
	Author = {Clout, Hugh and Demossier, Marion},
	Date-Modified = {2018-11-21 20:56:52 -0500},
	Doi = {10.1080/0963948032000128528},
	File = {Full Text PDF:/Users/JenniferLin/Zotero/storage/KKU4GYV8/CLOUT and DEMOSSIER - 2003 - New countryside, old peasants Politics, tradition.pdf:application/pdf;Snapshot:/Users/JenniferLin/Zotero/storage/X446HYY2/0963948032000128528.html:text/html},
	Issn = {0963-9489},
	Journal = {Modern \& Contemporary France},
	Month = aug,
	Number = {3},
	Pages = {259--263},
	Shorttitle = {New countryside, old peasants?},
	Title = {New countryside, old peasants? {Politics}, tradition and modernity in rural {France}},
	Url = {https://doi.org/10.1080/0963948032000128528},
	Urldate = {2018-10-18},
	Volume = {11},
	Year = {2003},
	Bdsk-Url-1 = {https://doi.org/10.1080/0963948032000128528}}

@article{martin_saline_1997,
	Author = {Martin, Peter},
	Date-Modified = {2018-11-04 20:11:18 +0000},
	Doi = {10.1080/13562579708721758},
	File = {Full Text PDF:/Users/JenniferLin/Zotero/storage/ZHJS6Q96/Martin - 1997 - Saline politics Local participation and neolibera.pdf:application/pdf;Snapshot:/Users/JenniferLin/Zotero/storage/RZRG7DCQ/13562579708721758.html:text/html},
	Issn = {1356-2576},
	Journal = {Space and Polity},
	Month = may,
	Number = {1},
	Pages = {115--133},
	Shorttitle = {Saline politics},
	Title = {Saline politics: {Local} participation and neoliberalism in {Australian} rural environments},
	Url = {https://doi.org/10.1080/13562579708721758},
	Urldate = {2018-10-18},
	Volume = {1},
	Year = {1997},
	Bdsk-Url-1 = {https://doi.org/10.1080/13562579708721758}}

@article{ahn_political_1986,
	Author = {Ahn, Byong Man and Boyer, William W.},
	Issn = {0022-037X},
	Journal = {The Journal of Developing Areas},
	Number = {4},
	Pages = {439--452},
	Title = {Political {Efficacy} and {Trust} in {Rural} {South} {Korea}},
	Url = {https://www.jstor.org/stable/4191487},
	Urldate = {2018-10-18},
	Volume = {20},
	Year = {1986},
	Bdsk-Url-1 = {https://www.jstor.org/stable/4191487}}

@article{lee_politics_1996,
	Author = {Lee, Dong Ok and Brunn, Stanley D.},
	Date-Modified = {2018-11-04 20:10:51 +0000},
	Doi = {10.1016/0962-6298(95)00002-X},
	File = {ScienceDirect Full Text PDF:/Users/JenniferLin/Zotero/storage/3SSKVNKM/Lee and Brunn - 1996 - Politics and regions in Korea an analysis of the .pdf:application/pdf;ScienceDirect Snapshot:/Users/JenniferLin/Zotero/storage/CZJXNMEG/096262989500002X.html:text/html},
	Issn = {0962-6298},
	Journal = {Political Geography},
	Month = jan,
	Number = {1},
	Pages = {99--119},
	Shorttitle = {Politics and regions in {Korea}},
	Title = {Politics and regions in {Korea}: an analysis of the recent presidential election},
	Url = {http://www.sciencedirect.com/science/article/pii/096262989500002X},
	Urldate = {2018-10-18},
	Volume = {15},
	Year = {1996},
	Bdsk-Url-1 = {http://www.sciencedirect.com/science/article/pii/096262989500002X},
	Bdsk-Url-2 = {https://doi.org/10.1016/0962-6298(95)00002-X}}
